@book{RN6381,
   author = {Ruxton, G.D. and N. Colgrave.},
   title = {Experimental Design for the Life Sciences. },
   publisher = {Oxford University Press.},
   address = {Oxford, UK},
   edition = {Fourth},
   year = {2018},
   type = {Book}
}

@article{RN6773,
   author = {Wilkinson, Carrie and Waitt, Gordon and Gibbs, Leah},
   title = {Understanding Place as ‘Home’ and ‘Away’ through Practices of Bird-watching},
   journal = {Australian Geographer},
   volume = {45},
   number = {2},
   pages = {205-220},
   ISSN = {0004-9182},
   DOI = {10.1080/00049182.2014.899029},
   url = {https://doi.org/10.1080/00049182.2014.899029},
   year = {2014},
   type = {Journal Article}
}

@article{RN3201,
   author = {Heidron, P.B.},
   title = {Shedding light on the dark data in the long tail of science.},
   journal = {Library Trends},
   volume = {57},
   pages = {280-299},
   year = {2008},
   type = {Journal Article}
}

@article{RN6774,
   author = {Reichman, O. J. and Jones, Matthew B. and Schildhauer, Mark P.},
   title = {Challenges and Opportunities of Open Data in Ecology},
   journal = {Science},
   volume = {331},
   number = {6018},
   pages = {703},
   DOI = {10.1126/science.1197962},
   url = {http://science.sciencemag.org/content/331/6018/703.abstract},
   year = {2011},
   type = {Journal Article}
}

@article{RN6776,
   author = {LaPlaca, Peter and Lindgreen, Adam and Vanhamme, Joëlle},
   title = {How to write really good articles for premier academic journals},
   journal = {Industrial Marketing Management},
   volume = {68},
   pages = {202-209},
   ISSN = {0019-8501},
   DOI = {https://doi.org/10.1016/j.indmarman.2017.11.014},
   url = {http://www.sciencedirect.com/science/article/pii/S001985011730874X},
   year = {2018},
   type = {Journal Article}
}

@article{RN6775,
   author = {Bains, William},
   title = {How to write up a hypothesis: the good, the bad and the ugly},
   journal = {Medical Hypotheses},
   volume = {64},
   number = {4},
   pages = {665-668},
   ISSN = {0306-9877},
   DOI = {https://doi.org/10.1016/j.mehy.2004.10.003},
   url = {http://www.sciencedirect.com/science/article/pii/S0306987704005638},
   year = {2005},
   type = {Journal Article}
}

@article{RN4416,
   author = {Wickham, H.},
   title = {Tidy Data},
   journal = {Journal of Statistical Software},
   volume = {59},
   pages = {1-23},
   year = {2014},
   type = {Journal Article}
}

@book{RN4369,
   author = {Grolemund, G. and Wickham, H.},
   title = {R for Data Science},
   publisher = {O'Reilly Media},
   address = {Canada},
   pages = {522},
   ISBN = {978-1491910399},
   year = {2016},
   type = {Book}
}

@article{RN6795,
   author = {Kennedy, Kerry John and Chan, Jacqueline Kin Sang and Fok, Ping Kwan and Yu, Wai Ming},
   title = {Forms of assessment and their potential for enhancing learning conceptual and cultural issues},
   journal = {Educational Research for Policy and Practice},
   volume = {7},
   number = {3},
   pages = {197},
   ISSN = {1573-1723},
   DOI = {10.1007/s10671-008-9052-3},
   url = {https://doi.org/10.1007/s10671-008-9052-3},
   year = {2008},
   type = {Journal Article}
}

@article{RN6796,
   author = {Bennett, Randy Elliot},
   title = {Formative assessment a critical review},
   journal = {Assessment in Education Principles, Policy and Practice},
   volume = {18},
   number = {1},
   pages = {5-25},
   ISSN = {0969-594X},
   DOI = {10.1080/0969594X.2010.513678},
   url = {https://doi.org/10.1080/0969594X.2010.513678},
   year = {2011},
   type = {Journal Article}
}

@article{RN6798,
   author = {Taras, Maddalena},
   title = {Assessment - summative and formative - some theoretical reflections},
   journal = {British Journal of Educational Studies},
   volume = {53},
   number = {4},
   pages = {466-478},
   ISSN = {0007-1005},
   DOI = {10.1111/j.1467-8527.2005.00307.x},
   url = {https://doi.org/10.1111/j.1467-8527.2005.00307.x},
   year = {2005},
   type = {Journal Article}
}

@article{RN6797,
   author = {Harlen, Wynne and James, Mary},
   title = {Assessment and Learning differences and relationships between formative and summative assessment},
   journal = {Assessment in Education Principles, Policy and Practice},
   volume = {4},
   number = {3},
   pages = {365-379},
   ISSN = {0969-594X},
   DOI = {10.1080/0969594970040304},
   url = {https://doi.org/10.1080/0969594970040304},
   year = {1997},
   type = {Journal Article}
}


@article{RN6799,
   author = {Timmerman, Briana E. Crotwell and Strickland, Denise C. and Johnson, Robert L. and Payne, John R.},
   title = {Development of a ‘universal’ rubric for assessing undergraduates' scientific reasoning skills using scientific writing},
   journal = {Assessment and Evaluation in Higher Education},
   volume = {36},
   number = {5},
   pages = {509-547},
   ISSN = {0260-2938},
   DOI = {10.1080/02602930903540991},
   url = {https://doi.org/10.1080/02602930903540991},
   year = {2011},
   type = {Journal Article}
}

@article{RN6800,
   author = {Hand, David J. and Blunt, Gordon and Kelly, Mark G. and Adams, Niall M.},
   title = {Data Mining for Fun and Profit},
   journal = {Statist. Sci.},
   volume = {15},
   number = {2},
   pages = {111-131},
   ISSN = {0883-4237},
   DOI = {10.1214/ss/1009212753},
   url = {https://projecteuclid.org:443/euclid.ss/1009212753},
   year = {2000},
   type = {Journal Article}
}

@article{RN6802,
   author = {Hooshyar, Danial and Yousefi, Moslem and Lim, Heuiseok},
   title = {A systematic review of data-driven approaches in player modeling of educational games},
   journal = {Artificial Intelligence Review},
   volume = {52},
   number = {3},
   pages = {1997-2017},
   ISSN = {1573-7462},
   DOI = {10.1007/s10462-017-9609-8},
   url = {https://doi.org/10.1007/s10462-017-9609-8},
   year = {2019},
   type = {Journal Article}
}

@article{RN6801,
   author = {Aldowah, Hanan and Al-Samarraie, Hosam and Fauzy, Wan Mohamad},
   title = {Educational data mining and learning analytics for 21st century higher education: A review and synthesis},
   journal = {Telematics and Informatics},
   volume = {37},
   pages = {13-49},
   ISSN = {0736-5853},
   DOI = {https://doi.org/10.1016/j.tele.2019.01.007},
   url = {http://www.sciencedirect.com/science/article/pii/S0736585318304234},
   year = {2019},
   type = {Journal Article}
}

@article{RN6807,
   author = {Swan, Melanie},
   title = {The Quantified Self: Fundamental Disruption in Big Data Science and Biological Discovery},
   journal = {Big Data},
   volume = {1},
   number = {2},
   pages = {85-99},
   ISSN = {2167-6461},
   DOI = {10.1089/big.2012.0002},
   url = {https://doi.org/10.1089/big.2012.0002},
   year = {2013},
   type = {Journal Article}
}

@article{RN6808,
   author = {Whitson, J.R.},
   title = {Gaming the Quantified Self},
   journal = {Surveillance and Society},
   volume = {11},
   pages = {163-176},
   year = {2013},
   type = {Journal Article}
}

@article{RN1320,
   author = {Cooper, C.B. and Dickinson, J. and Phillips, T. and Bonney, R.},
   title = {Citizen science as a tool for conservation in residential ecosystems.},
   journal = {Ecology and Society},
   volume = {12},
   pages = {11},
   year = {2007},
   type = {Journal Article}
}

@article{RN5997,
   author = {McKinley, Duncan C. and Miller-Rushing, Abe J. and Ballard, Heidi L. and Bonney, Rick and Brown, Hutch and Cook-Patton, Susan C. and Evans, Daniel M. and French, Rebecca A. and Parrish, Julia K. and Phillips, Tina B. and Ryan, Sean F. and Shanley, Lea A. and Shirk, Jennifer L. and Stepenuck, Kristine F. and Weltzin, Jake F. and Wiggins, Andrea and Boyle, Owen D. and Briggs, Russell D. and Chapin, Stuart F. and Hewitt, David A. and Preuss, Peter W. and Soukup, Michael A.},
   title = {Citizen science can improve conservation science, natural resource management, and environmental protection},
   journal = {Biological Conservation},
   volume = {208},
   pages = {15-28},
   ISSN = {0006-3207},
   DOI = {https://doi.org/10.1016/j.biocon.2016.05.015},
   url = {http://www.sciencedirect.com/science/article/pii/S0006320716301963},
   year = {2017},
   type = {Journal Article}
}

@article{RNtables,
   author = {Lortie, C.J. and Vargas Poulsen, C. and Brun, J. and Kui, L.},
   title = {Tabular strategies for metadata in ecology, evolution, and the environmental sciences},
   journal = {Ecology and Evolution},
   volume = {12},
   pages = {8},
   year = {2022},
   type = {Journal Article}
}






















